<mx:record xmlns="http://www.w3.org/TR/xhtml1/strict" xmlns:mx="http://www.loc.gov/MARC21/slim" xmlns:xsi="http://www.w3.org/2001/XMLSchema-instance"><mx:leader>00037cz  2200037n  45 0</mx:leader><mx:controlfield tag="001">oca04787450 </mx:controlfield><mx:controlfield tag="005">20000616170443.0</mx:controlfield><mx:controlfield tag="008">980804n| acannaab           |a aaa     c</mx:controlfield><mx:datafield ind1=" " ind2=" " tag="010"><mx:subfield code="a">nb 98063257</mx:subfield></mx:datafield><mx:datafield ind1=" " ind2=" " tag="040"><mx:subfield code="a">Uk</mx:subfield><mx:subfield code="c">Uk</mx:subfield><mx:subfield code="d">Uk</mx:subfield><mx:subfield code="d">NNC</mx:subfield><mx:subfield code="d">DLC</mx:subfield></mx:datafield><mx:datafield ind1="0" ind2=" " tag="100"><mx:subfield code="a">Cosmas,</mx:subfield><mx:subfield code="c">Indicopleustes,</mx:subfield><mx:subfield code="d">fl. 6th cent.</mx:subfield></mx:datafield><mx:datafield ind1="0" ind2=" " tag="400"><mx:subfield code="a">Kosmas,</mx:subfield><mx:subfield code="c">der Indienfahrer,</mx:subfield><mx:subfield code="d">fl. 6th cent.</mx:subfield></mx:datafield><mx:datafield ind1="0" ind2=" " tag="400"><mx:subfield code="a">Kozʹma Indikoplov,</mx:subfield><mx:subfield code="d">fl. 6th cent.</mx:subfield></mx:datafield><mx:datafield ind1=" " ind2=" " tag="670"><mx:subfield code="a">Kosmas der Indienfahrer, 1997:</mx:subfield><mx:subfield code="b">t.p.</mx:subfield></mx:datafield><mx:datafield ind1=" " ind2=" " tag="670"><mx:subfield code="a">Brit. Lib. Cat. 8 Aug. 1998</mx:subfield><mx:subfield code="b">(hdg.: Cosmas, Indicopleustes)</mx:subfield></mx:datafield><mx:datafield ind1=" " ind2=" " tag="670"><mx:subfield code="a">Britannica Micro</mx:subfield><mx:subfield code="b">(Cosmas, called Indicopleustes, fl. 6th century Ad, Alexandria, Egypt, merchant, traveller, theologian and geographer; wrote treatise Topgraphia Christiana)</mx:subfield></mx:datafield><mx:datafield ind1=" " ind2=" " tag="670"><mx:subfield code="a">Kniga narit︠s︡aema Kozʹma Indikoplov, 1997:</mx:subfield><mx:subfield code="b">t.p. (Kozʹma Indikoplov)</mx:subfield></mx:datafield><mx:datafield ind1=" " ind2=" " tag="999"><mx:subfield code="a">2047</mx:subfield></mx:datafield></mx:record>